<?xml version="1.0" encoding="UTF-8"?><record xmlns="http://www.loc.gov/MARC21/slim" xmlns:cinclude="http://apache.org/cocoon/include/1.0" xmlns:zs="http://www.loc.gov/zing/srw/">
  <leader>00438cz  a2200121n  4500</leader>
  <controlfield tag="001">n  89639291 </controlfield>
  <controlfield tag="003">DLC</controlfield>
  <controlfield tag="005">19901026114539.1</controlfield>
  <controlfield tag="008">890713n| acannaab|          |n aad |||  </controlfield>
  <datafield tag="010" ind1=" " ind2=" ">
    <subfield code="a">n  89639291 </subfield>
  </datafield>
  <datafield tag="040" ind1=" " ind2=" ">
    <subfield code="a">DLC</subfield>
    <subfield code="c">DLC</subfield>
    <subfield code="d">DLC</subfield>
  </datafield>
  <datafield tag="100" ind1="1" ind2="0">
    <subfield code="a">Hatch, Laurence C.</subfield>
    <subfield code="q">(Laurence Chambers)</subfield>
  </datafield>
  <datafield tag="670" ind1=" " ind2=" ">
    <subfield code="a">nuc89-68467: His Reference guide to ornamental plant cultivars, c1985</subfield>
    <subfield code="b">(hdg. on NNBG rept.: Hatch, Laurence C. (Laurence Chambers); usage: Laurence C. Hatch)</subfield>
  </datafield>
</record>